<record><leader>00000cas a22000007a 4500</leader><controlfield tag="001">27981678</controlfield><controlfield tag="008">930426d19221923scuwr ne      0    0eng d</controlfield><datafield ind1=" " ind2=" " tag="010"><subfield code="a">sn 93067709 </subfield></datafield><datafield ind1=" " ind2=" " tag="040"><subfield code="a">SVN</subfield><subfield code="b">eng</subfield><subfield code="c">SVN</subfield><subfield code="d">OCLCQ</subfield></datafield><datafield ind1=" " ind2=" " tag="042"><subfield code="a">msc</subfield></datafield><datafield ind1="0" ind2=" " tag="130"><subfield code="a">Weekly news review (Florence, S.C.)</subfield></datafield><datafield ind1="1" ind2="4" tag="245"><subfield code="a">The weekly news review.</subfield></datafield><datafield ind1=" " ind2=" " tag="260"><subfield code="a">Florence, S.C. :</subfield><subfield code="b">Florence Print. Co.</subfield></datafield><datafield ind1=" " ind2=" " tag="300"><subfield code="a">v.</subfield></datafield><datafield ind1=" " ind2=" " tag="310"><subfield code="a">Weekly</subfield></datafield><datafield ind1="1" ind2=" " tag="362"><subfield code="a">Began in Mar. 1922; ceased in Mar. 1923?</subfield></datafield><datafield ind1=" " ind2=" " tag="588"><subfield code="a">Description based on: Vol. 1, no. 7 (June 15, 1922).</subfield></datafield><datafield ind1=" " ind2="4" tag="651"><subfield code="a">Florence County (S.C.)</subfield><subfield code="v">Newspapers.</subfield></datafield><datafield ind1=" " ind2=" " tag="752"><subfield code="a">United States</subfield><subfield code="b">South Carolina</subfield><subfield code="c">Florence</subfield><subfield code="d">Florence.</subfield></datafield><datafield ind1="0" ind2="0" tag="785"><subfield code="t">Morning news review</subfield><subfield code="w">(DLC)sn 86063770</subfield></datafield></record>